@article{marzouk-intro-tm,
   author = {Youssef Marzouk and Tarek Moselhy and Matthew Parno and Alessio Spantini},
   doi = {10.1007/978-3-319-11259-6_23-1},
   month = {2},
   title = {An introduction to sampling via measure transport},
   url = {http://arxiv.org/abs/1602.05023 http://dx.doi.org/10.1007/978-3-319-11259-6_23-1},
   year = {2016},
}
@article{Guinness2018,
   author = {Joseph Guinness},
   doi = {10.1080/00401706.2018.1437476},
   issue = {4},
   journal = {Technometrics},
   month = {10},
   pages = {415-429},
   publisher = {American Statistical Association},
   title = {Permutation and Grouping Methods for Sharpening Gaussian Process Approximations},
   volume = {60},
   year = {2018},
}
@article{katzfuss21-va-framework,
   author = {Matthias Katzfuss and Joseph Guinness},
   doi = {10.1214/19-STS755},
   issue = {1},
   journal = {Statistical Science},
   month = {2},
   pages = {124-141},
   publisher = {Institute of Mathematical Statistics},
   title = {A General Framework for Vecchia Approximations of Gaussian Processes},
   volume = {36},
   year = {2021},
}
@article{katzfuss-schafer-2021-tm,
   author = {Matthias Katzfuss and Florian SchÃ¤fer},
   month = {8},
   note = {Huang (2006) -> Kidd and Katzfuss -> Katzfuss and Schafer},
   title = {Scalable Bayesian transport maps for high-dimensional non-Gaussian spatial fields},
   url = {http://arxiv.org/abs/2108.04211},
   year = {2021},
}
@article{kidd-katzfuss2021,
   author = {Brian Kidd and Matthias Katzfuss},
   doi = {10.1214/21-ba1273},
   issue = {1},
   journal = {Bayesian Analysis},
   month = {6},
   publisher = {Institute of Mathematical Statistics},
   title = {Bayesian Nonstationary and Nonparametric Covariance Estimation for Large Spatial Data (with Discussion)},
   volume = {17},
   year = {2021},
}
@article{Stein2004,
   author = {Michael L. Stein and Zhiyi Chi and Leah J. Welty},
   doi = {10.1046/j.1369-7412.2003.05512.x},
   issue = {2},
   journal = {Journal of the Royal Statistical Society. Series B: Statistical Methodology},
   pages = {275-296},
   title = {Approximating likelihoods for large spatial data sets},
   volume = {66},
   year = {2004},
}
@article{Schafer2021,
   author = {Florian Schafer and T. J. Sullivan and Houman Owhadi},
   doi = {10.1137/19M129526X},
   issue = {2},
   journal = {Multiscale Modeling and Simulation},
   pages = {688-730},
   publisher = {Society for Industrial and Applied Mathematics Publications},
   title = {Compression, inversion, and approximate PCA of dense kernel matrices at near-linear computational complexity},
   volume = {19},
   year = {2021},
}
@report{Huang2006,
   author = {Jianhua Z Huang and Naiping Liu and Mohsen Pourahmadi and Linxu Liu},
   issue = {1},
   journal = {Biometrika},
   pages = {85-98},
   title = {Covariance matrix selection and estimation via penalised normal likelihood},
   volume = {93},
   year = {2006},
}
